@incollection{Adams84,
	author = "J.F. Adams",
	title = "Prerequisites (on equivariant stable homotopy) for {C}arlssons's lecture",
	editor = "Ib H. Madsen and Robert A. Oliver",
	booktitle = "Algebraic Topology Aarhus 1982",
	publisher = "Springer Berlin Heidelberg",
	year = "1984",
	pages = "483--532",
	chapter = "25",
	note = "\url{http://people.virginia.edu/~mah7cd/Conferences/Vietnam2013/AdamsPreReqs.pdf}"
}

@article{HHR,
	author = "M.A. Hill and M.J. Hopkins and D.C. Ravenel",
	title = "On the nonexistence of elements of {K}ervaire invariant one",
	journal = "Annals of Mathematics",
	year = "2016",
	volume = "184",
	number = "1",
	pages = "1--262",
	note = "\url{https://arxiv.org/pdf/0908.3724.pdf}"
}

@proceedings{AlaskaNotes,
  title        = {Equivariant Homotopy and Cohomology Theory},
  year         = {1996},
  editor       = {Peter May},
  volume       = {91},
  series	   = {CBMS Regional Conference Series in Mathematics},
  publisher    = {American Mathematical Society},
  note		   = {\url{https://www.math.uchicago.edu/~may/BOOKS/alaska.pdf}},
}

@book{ConciseCourse,
	title = "A Concise Course in Algebraic Topology",
	author = "Peter May",
	publisher = "The University of Chicago Press",
	year = "1999",
	series = "Chicago Lectures in Mathematics",
	note = "\url{https://www.math.uchicago.edu/~may/CONCISE/ConciseRevised.pdf}",
}

@book{MacLane,
	title = "Categories for the Working Mathematician",
	author = "Saunders {Mac Lane}",
	publisher = "Springer-Verlag New York",
	year = "1978",
	series = "Graduate Texts in Mathematics",
	number = "5"
}

@book{LMS,
	title = "Equivariant Stable Homotopy Theory",
	author = "L. Gaunce {Lewis Jr.} and J. Peter May and Mark Steinberger",
	publisher = "Springer Berlin Heidelberg",
	year = "1986",
	series = "Lecture Notes in Mathematics",
	number = "1213",
	note = "\url{https://www.math.uchicago.edu/~may/BOOKS/equi.pdf}"
}

@book{Hovey,
  title={Model Categories},
  author={Hovey, Mark},
  series={Mathematical Surveys and Monographs},
  year={1999},
  publisher={American Mathematical Society}
}

@book{Kelley,
	title = "Basic Concepts in Enriched Category Theory",
	author = "G.M. Kelley",
	publisher = "Cambridge University Press",
	year = "1984",
	series = "Lecture Notes in Mathematics",
	number = "64",
	note = "\url{http://www.tac.mta.ca/tac/reprints/articles/10/tr10.pdf}"
}

@phdthesis{DayThesis,
	author = "Brian Day",
	title = "Constructions in Biclosed Categories",
	school = "University of New South Wales",
	year = "1970",
	note = "\url{http://www.math.mq.edu.au/~street/DayPhD.pdf}"
}

@phdthesis{IllmanThesis,
	author = "Sören Illman",
	title = "Equivariant Algebraic Topology",
	school = "Princeton University",
	year = "1972",
	note = "\url{http://archive.numdam.org/ARCHIVE/AIF/AIF_1973__23_2/AIF_1973__23_2_87_0/AIF_1973__23_2_87_0.pdf}"
}

@book{MayGILS,
  title={The Geometry of Iterated Loop Spaces},
  author={Peter May},
  number={271},
  series={Lecture Notes in Mathematics},
  year={1972},
  publisher={Springer-Verlag},
  note={\url{https://www.math.uchicago.edu/~may/BOOKS/geom_iter.pdf}}
}

@book{RiehlCHT,
	Author = {Emily Riehl},
	Publisher = {Cambridge University Press},
	Title = {Categorical Homotopy Theory},
	Year = {2014},
	note = {\url{http://www.math.harvard.edu/~eriehl/cathtpy.pdf}}
}

@book{RiehlCTC,
  Author = {Emily Riehl},
  Title = {Category Theory in Context},
  Series = {Aurora: Dover Modern Math Originals},
  Publisher = {Dover Publications},
  Year = {2016},
  note = {\url{http://www.math.jhu.edu/~eriehl/context.pdf}}
}

@article{SmithRevisit,
  author = {William G. Dwyer and Clarence W. Wilkerson},
  journal = {Annals of Mathematics},
  number = {1},
  pages = {191--198},
  publisher = {Annals of Mathematics},
  title = {Smith Theory Revisited},
  volume = {127},
  year = {1988},
  note = {\url{https://www.jstor.org/stable/pdf/1971419.pdf}}
}

@article{MaySmithTheory,
 URL = {http://www.math.uchicago.edu/~may/PAPERS/57.pdf},
 author = {J. P. May},
 journal = {Proceedings of the American Mathematical Society},
 number = {4},
 pages = {728-730},
 publisher = {American Mathematical Society},
 title = {A Generalization of {S}mith Theory},
 volume = {101},
 year = {1987},
 note = {\url{https://math.uchicago.edu/~may/PAPERS/57.pdf}}
}

@book{MITNotes,
	title = "Geometric Topology: Localization, Periodicity, and {G}alois Symmetry",
	author = "Denis Sullivan",
	editor = {Andrew Ranicki},
	publisher = "Springer Verlag",
	year = "2005",
	series = "K-Monographs in Mathematics",
	number = "8",
	note = {\url{http://www.maths.ed.ac.uk/~aar/books/gtop.pdf}}
}

@book{SullivanQHT,
	title={Infinitesimal Computations in Topology},
	author={Sullivan, D.},
	note = {\url{http://archive.numdam.org/ARCHIVE/PMIHES/PMIHES_1977__47_/PMIHES_1977__47__269_0/PMIHES_1977__47__269_0.pdf}},
	series = {Publications mathématiques de l'I.H.É.S.},
	number = {47},
	year={1977}
}

@article{Lur09,
	author = "Lurie, Jacob",
	fjournal = "Current Developments in Mathematics",
	journal = "Current Developments in Mathematics",
	pages = "129--280",
	publisher = "International Press of Boston",
	title = "On the classification of topological field theories",
	note = "\url{http://www-math.mit.edu/~lurie/papers/cobordism.pdf}",
	volume = "2008",
	year = "2009"
}

@article{Genetics,
	author = "Denis Sullivan",
	title = "Genetics of homotopy theory and the {A}dams conjecture",
	journal = "Annals of Mathematics",
	pages = "1--79",
	note = "\url{http://math1.unice.fr/~cazanave/Gdt/ImJ/Sullivan.pdf}",
	year = "1974",
	month = "7",
	series = "Second series",
	volume = "100",
	number = "1"
}

@book{BousfieldKan,
  title={Homotopy Limits, Completions and Localizations},
  author={Aldridge K. Bousfield and Daniel M. Kan},
  number={304},
  series={Lecture Notes in Mathematics},
  year={1972},
  publisher={Springer Berlin Heidelberg},
  note = {\url{http://link.springer.com/book/10.1007\%2F978-3-540-38117-4}}
}

@book{InfiniteLoopSpaces,
	author = "J.F. Adams",
	title = "Infinite Loop Spaces",
	series = "Annals of Mathematics Studies",
	number = "90",
	year = "1978",
	publisher = "Princeton University Press"
}

@book{AdamsStableHomotopy,
	author = "J.F. Adams",
	title = "Stable Homotopy and Generalized Homology",
	series = "Chicago Lectures in Mathematics",
	year = "1974",
	publisher = "The University of Chicago Press"
}

@article{MMSS,
	author = {Mandell, M. A. and May, J. P. and Schwede, S. and Shipley, B.},
	title = {Model Categories of Diagram Spectra},
	journal = {Proceedings of the London Mathematical Society},
	volume = {82},
	number = {2},
	pages = {441--512},
	year = {2001},
	note = {\url{https://www.math.uchicago.edu/~may/PAPERS/mmssLMSDec30.pdf}}
}

@article{DoldPuppe,
	author = "Albrecht Dold and Dieter Puppe",
	title = "Homologie nicht-additiver {F}unktoren. {A}nwendungen",
	journal = "Annales de l'institut Fourier",
	volume = "11",
	year = "1961",
	pages = "201--312",
	note = "\url{http://www.maths.ed.ac.uk/~aar/papers/doldpupp.pdf}"
}

@phdthesis{ThomThesis,
	author = "René Thom",
	title = "Quelques propriétés globales des variétés differentiables",
	school = "University of Paris",
	year = "1954",
	note = "\url{http://www.maths.ed.ac.uk/~aar/papers/thomcob.pdf}",
	journal = "Commentarii Mathematici Helvetici",
	volume = "28",
	pages = "17--86"
}

@book{MandellMay,
	title = {Equivariant orthogonal spectra and {$S$}-modules},
	author = {M.A. Mandell and J.P. May},
	series = {Memoirs of the American Mathematical Society},
	year = {2002},
	number = {755},
	publisher = {American Mathematical Society},
	note = {\url{https://www.math.uchicago.edu/~may/PAPERS/MMMFinal.pdf}}
}

@book{EKMM,
	title = {Rings, Modules, and Algebras in Stable Homotopy Theory},
	author = {Anthony D. Elmendorf and Igor Kriz and M.A. Mandell and J.P. May},
	series = {Mathematical Surveys and Monographs},
	year = {1997},
	number = {47},
	publisher = {American Mathematical Society},
	note = "\url{https://www.math.uchicago.edu/~may/BOOKS/EKMM.pdf}"
}

@article{Lewis91,
	title = "Is there a convenient category of spectra?",
	journal = "Journal of Pure and Applied Algebra",
	volume = "73",
	number = "3",
	pages = "233--246",
	year = "1991",
	author = "L. Gaunce Lewis"
}

@book{Hirschhorn,
	title = {Model Categories and Their Localizations},
	author = {Philip S. Hirschhorn},
	series = {Mathematical Surveys and Monographs},
	year = {2003},
	number = {99},
	publisher = {American Mathematical Society}
}

@article{HSS,
	title = {Symmetric spectra},
	author = {Mark Hovey and Brooke Shipley and Jeff Smith},
	journal = {J.\ Amer.\ Math.\ Soc},
	volume = {13},
	year = {2000},
	pages = {149--208},
	note = {\url{http://www.math.uiuc.edu/K-theory/0265/symm.pdf}}
}

@book{SchwedeSymmSpec,
	title = "Symmetric spectra",
	author = "S.\ Schwede",
	year = "2012",
	note = "\url{http://www.math.uni-bonn.de/~schwede/SymSpec-v3.pdf}"
}

@book{SchwedeGlobal,
	title = "Global homotopy theory",
	author = "S.\ Schwede",
	year = "2017",
	note = "\url{http://www.math.uni-bonn.de/~schwede/global.pdf}"
}

@article{SchwedeEquivariant,
	title = "Lectures on equivariant stable homotopy theory",
	author = "S.\ Schwede",
	year = "2016",
	note = "\url{http://www.math.uni-bonn.de/~schwede/equivariant.pdf}"
}

@article{FHM,
	title = "Isomorphisms between left and right adjoints",
	author = "H. Fausk and P. Hu and J.P. May",
	journal = "Theory and Applications of Categories",
	volume = "11",
	number = "4",
	year = "2003",
	pages = "107--131",
	note = "\url{https://www.emis.de/journals/TAC/volumes/11/4/11-04.pdf}"
}

@article{WirthRevisited,
	title = "The {W}irthmüller isomorphism revisited",
	author = "J.P. May",
	journal = "Theory and Applications of Categories",
	volume = "11",
	number = "5",
	year = "2003",
	pages = "132--142",
	note = "\url{https://www.emis.de/journals/TAC/volumes/11/5/11-05.pdf}"
}

@article{BDS,
	title = "Grothendieck-{N}eeman duality and the {W}irthmüller isomorphism",
	author = "Paul Ballmer and Ivo Dell'Ambrogio and Beren Sanders",
	journal = "Composito Mathematica",
	volume = "152",
	number = "8",
	year = "2016",
	pages = "1740--1776",
	note = "\url{https://www.math.ucla.edu/~balmer/research/Pubfile/GN-duality.pdf}"
}

@article{GuillouMay,
	title = {Models of {$G$}-spectra as presheaves of spectra},
	author = {Bertrand Guillou and J.P. May},
	year = {2013},
	note = {\url{https://arxiv.org/pdf/1110.3571.pdf}}
}

@book{Dress,
	title = {Notes on the theory of representations of finite groups. {P}art {I}: The {B}urnside ring of a finite group and some {AGN}-applications},
	author = {A. W. M. Dress},
	year = {1971},
	publisher = {Bielfield University}
}

@article{HulkSmash,
	title = "The smash product for derived categories in stable homotopy theory ",
	journal = "Advances in Mathematics ",
	volume = "230",
	number = "4--6",
	pages = "1531--1556",
	year = "2012",
	note = "\url{https://arxiv.org/pdf/1004.0006.pdf}",
	author = "Michael A. Mandell",
}

@article{Tambara,
	title = "On multiplicative transfer",
	author = "Daisuke Tambara",
	journal = "Comm.\ Algebra",
	volume = "21",
	number = "4",
	year = "1993",
	pages = "1393--1420"
}

@article{Green,
	title = "Axiomatic representation theory for finite groups",
	journal = "Journal of Pure and Applied Algebra",
	volume = "1",
	number = "1",
	pages = "41--77",
	year = "1971",
	author = "J.A. Green",
}

@article{Evens,
	note = {\url{http://www.ams.org/journals/tran/1963-108-01/S0002-9947-1963-0153725-1/S0002-9947-1963-0153725-1.pdf}},
	author = {Leonard Evens},
	journal = {Transactions of the American Mathematical Society},
	number = {1},
	pages = {54--65},
	publisher = {American Mathematical Society},
	title = {A Generalization of the Transfer Map in the Cohomology of Groups},
	volume = {108},
	year = {1963}
}

@article{CSRemarks,
	note = {\url{http://www.ams.org/journals/bull/2009-46-02/S0273-0979-09-01243-9/S0273-0979-09-01243-9.pdf}},
	author = {Daniel S. Freed},
	journal = {Bulletin of the American Mathematical Society},
	number = {2},
	pages = {221--254},
	publisher = {American Mathematical Society},
	title = {Remarks on {C}hern-{S}imons theory},
	volume = {46},
	year = {2009}
}

@Article{Kuhn04,
	author = "Kuhn, Nicholas J.",
	title = "Tate cohomology and periodic localization of polynomial functors",
	journal = "Inventiones mathematicae",
	year = "2004",
	volume = "157",
	number = "2",
	pages = "345--370",
	note = "\url{https://arxiv.org/pdf/math/0307173.pdf}"
}

@incollection{GreenleesMay,
	title = "Equivariant Stable Homotopy Theory",
	editor = "James, I.M.",
	booktitle = "Handbook of Algebraic Topology",
	publisher = "North-Holland",
	address = "Amsterdam",
	year = "1995",
	pages = "277--323",
	note = "\url{https://www.math.uchicago.edu/~may/PAPERS/Newthird.pdf}",
	author = "J.P.C. Greenlees and J.P. May"
}

@incollection{Webb,
	title = "A guide to {M}ackey functors ",
	editor = "M. Hazewinkel",
	booktitle = "Handbook of Algebra",
	publisher = "North-Holland",
	year = "2000",
	volume = "2",
	pages = "805--836",
	series = "Handbook of Algebra",
	note = "\url{http://www-users.math.umn.edu/~webb/Publications/GuideToMF.pdf}",
	author = "Peter Webb"
}

@article{Brown,
	note = {\url{https://www.maths.ed.ac.uk/~aar/papers/brown3.pdf}},
	author = {Edgar H. Brown},
	journal = {Annals of Mathematics},
	number = {3},
	pages = {467-484},
	publisher = {Annals of Mathematics},
	title = {Cohomology Theories},
	volume = {75},
	year = {1962}
}

@article{Neeman,
 note = {\url{https://www.jstor.org/stable/2152846}},
 author = {Amnon Neeman},
 journal = {Journal of the American Mathematical Society},
 number = {1},
 pages = {205-236},
 publisher = {American Mathematical Society},
 title = {The {G}rothendieck Duality Theorem Via {B}ousfield's Techniques and {B}rown Representability},
 volume = {9},
 year = {1996}
}

@article{LewisMandell,
	author = {Lewis, L. Gaunce and Mandell, Michael A.},
	title = {Equivariant Universal Coefficient and {K}ünneth Spectral Sequences},
	journal = {Proceedings of the London Mathematical Society},
	volume = {92},
	number = {2},
	publisher = {Oxford University Press},
	note = "\url{https://arxiv.org/abs/math/0410162}",
	pages = {505--544},
	year = {2006}
}

@phdthesis{LewisThesis,
	author = "L. Gaunce Lewis",
	title = "The Stable Category and Generalized Thom Spectra",
	school = "The University of Chicago",
	year = "1978"
}

@article{Shi89,
	AUTHOR = {Shimakawa, Kazuhisa},
	TITLE = {Infinite loop {$G$}-spaces associated to monoidal {$G$}-graded categories},
	JOURNAL = {Publ. Res. Inst. Math. Sci.},
	FJOURNAL = {Kyoto University. Research Institute for Mathematical Sciences. Publications},
	VOLUME = {25},
	YEAR = {1989},
	NUMBER = {2},
	PAGES = {239--262},
	ISSN = {0034-5318},
	MRCLASS = {55P91 (55P47)},
	MRNUMBER = {1003787},
	MRREVIEWER = {J. P. May},
	note = {\url{https://www.ems-ph.org/journals/show_abstract.php?issn=0034-5318&vol=25&iss=2&rank=3}}
}

@article{BlumbergWSpace,
	author = {Andrew Blumberg},
	title = {Continuous functors as a model for the equivariant stable homotopy category},
	journal = {Algebraic \& Geometric Topology},
	volume = {6},
	number = {5},
	publisher = {Mathematical Sciences Publishers},
	note = "\url{http://msp.org/agt/2006/6-5/p09.xhtml}",
	pages = {2257--2295},
	year = {2006}
}

@article{Dug15,
	author = {Daniel Dugger},
	title = {Bigraded cohomology of {$\Z/2$}–equivariant {G}rassmannians},
	journal = {Algebraic \& Geometric Topology},
	volume = {19},
	number = {1},
	publisher = {Mathematical Sciences Publishers},
	note = "\url{http://msp.org/gt/2015/19-1/p03.xhtml}",
	pages = {113--170},
	year = {2015}
}

@incollection{Lew88,
	author = {L. Gaunce Lewis},
	title = {The {$\RO(G)$}-graded equivariant ordinary cohomology of complex projective spaces with linear {$\Z/p$} actions},
	editor = "Tammo tom Dieck",
	booktitle = "Algebraic Topology and Transformation Groups",
	publisher = "Springer Berlin Heidelberg",
	year = "1988",
	series = "Lecture Notes in Mathematics",
	volume = "1361",
	pages = "53--122"
}

@incollection{KuhnMcCord,
	author = {Nick Kuhn},
	title = {The {McCord} Model for the Tensor Product of a Space and a Commutative Ring Spectrum},
	editor = "Gregory Arone and John Hubbuck and Ran Levi and Michael Weiss",
	booktitle = "Categorical Decomposition Techniques in Algebraic Topology",
	publisher = "Birkhäuser Basel",
	year = "2004",
	series = "Progress in Mathematics",
	volume = "215",
	pages = "213--235",
	note = "\url{https://arxiv.org/pdf/math/0202042.pdf}"
}

@article{McCord,
	author = {M.C. McCord},
	title = {Classifying spaces and infinite symmetric products},
	journal = {Transactions of the American Mathematical Society},
	volume = {146},
	publisher = {American Mathematical Society},
	note = "\url{http://www.ams.org/journals/tran/1969-146-00/S0002-9947-1969-0251719-4/S0002-9947-1969-0251719-4.pdf}",
	pages = {273--298},
	year = {1969}
}

@article{SegalEquivariant,
	author = {G. Segal},
	title = {Some results in equivariant homotopy theory},
	year = {1978}
}

@article{Bokstedt,
	author = {Marcel B{\"o}kstedt},
	title = {Topological {H}ochschild homology},
	year = {1987}
}

@incollection{Beck,
	author="Beck, Jon",
	editor="Hilton, Peter J.",
	title="On {$H$}-spaces and infinite loop spaces",
	bookTitle="Category Theory, Homology Theory and Their Applications III: Proceedings of the Conference held at the Seattle Research Center of the Battelle Memorial Institute, June 24--July, 19, 1968 Volume Three",
	year="1969",
	publisher="Springer Berlin Heidelberg",
	address="Berlin, Heidelberg",
	pages="139--153",
}

@article{StricklandTambara,
	title = {Tambara functors},
	author = {Neil Strickland},
	year = {2012},
	note = {\url{https://arxiv.org/pdf/1205.2516.pdf}}
}

@article{LewisGreen,
	author = {L. Gaunce Lewis},
	title = {The theory of {G}reen functors},
	year = {1980},
	note = {\url{http://web.math.rochester.edu/people/faculty/doug/otherpapers/Lewis-Green.pdf}}
}

@article{BlumbergHill,
	title = {Incomplete {T}ambara functors},
	author = {Andrew Blumberg and Michael A. Hill},
	year = {2016},
	note = {\url{https://arxiv.org/pdf/1603.03292.pdf}}
}

@article{NakaokaIdeals,
	title = "Ideals of {T}ambara functors",
	journal = "Advances in Mathematics",
	volume = "230",
	number = "4–6",
	pages = "2295--2331",
	year = "2012",
	note = "\url{https://arxiv.org/pdf/1101.5982.pdf}",
	author = "Hiroyuki Nakaoka",
}

@article{NakaokaFractions,
	title = "On the fractions of semi-{M}ackey and {T}ambara functors",
	journal = "Journal of Algebra",
	volume = "352",
	number = "1",
	pages = "79--103",
	year = "2012",
	note = "\url{https://arxiv.org/pdf/1103.3991.pdf}",
	author = "Hiroyuki Nakaoka",
}

@article{NakaokaSpectrum,
	title = "The spectrum of the {B}urnside {T}ambara functor on a finite cyclic {$p$}-group",
	journal = "Journal of Algebra",
	volume = "398",
	pages = "21--54",
	year = "2014",
	note = "\url{https://arxiv.org/pdf/1301.1453.pdf}",
	author = "Hiroyuki Nakaoka",
}

@article{Hammock,
	title = "Calculating simplicial localizations",
	journal = "Journal of Pure and Applied Algebra",
	volume = "18",
	pages = "17--35",
	year = "1980",
	note = "\url{http://www3.nd.edu/~wgd/Dvi/CalculatingSimplicialLocalizations.pdf}",
	author = "William Dwyer and Daniel Kan"
}

@phdthesis{Hoyer,
	author = "Rolf Hoyer",
	title = "Two topics in stable homotopy theory",
	school = "The University of Chicago",
	year = "2014"
}

@book{EvensBook,
	title = {The cohomology of groups},
	author = {Leonard Evens},
	year = {1982},
	publisher = {Oxford University Press},
	series = {Oxford Mathematical Monographs}
}

@article{Shimakawa91,
	author = {Shimakawa, Kazuhisa},
	fjournal = "Osaka Journal of Mathematics",
	journal = "Osaka J. Math.",
	number = "2",
	pages = "223--228",
	publisher = "Osaka University and Osaka City University, Departments of Mathematics",
	title = "A note on {$\Gamma_G$}-spaces",
	note = "\url{https://projecteuclid.org/download/pdf_1/euclid.ojm/1200783054}",
	volume = "28",
	year = "1991"
}

@article{Ullman,
	title = "Tambara Functors and Commutative Ring Spectra",
	year = "2012",
	note = "\url{https://arxiv.org/pdf/1304.4912.pdf}",
	author = "John Ullman"
}

@book{MQR,
	title = "{$E_\infty$}-ring spaces and {$E_\infty$}-ring spectra",
	author = "Peter May",
	publisher = "Springer-Verlag Berlin Heidelberg",
	year = "1977",
	series = "Lecture Notes in Mathematics",
	note = "\url{https://www.math.uchicago.edu/~may/BOOKS/e_infty.pdf}"
}

@article{ABGHR1,
	author = {Ando, Matthew and Blumberg, Andrew J. and Gepner, David and Hopkins, Michael J. and Rezk, Charles},
	title = {Units of ring spectra, orientations, and {T}hom spectra via rigid infinite loop space theory},
	journal = {Journal of Topology},
	volume = {7},
	number = {4},
	pages = {1077--1117},
	year = {2014},
	note = "\url{https://arxiv.org/pdf/1403.4320.pdf}",
}

@article{ABGHR2,
	author = {Ando, Matthew and Blumberg, Andrew J. and Gepner, David and Hopkins, Michael J. and Rezk, Charles},
	title = {An {$\infty$}-categorical approach to {$R$}-line bundles, {$R$}-module {T}hom spectra, and twisted {$R$}-homology},
	journal = {Journal of Topology},
	volume = {7},
	number = {3},
	publisher = {Oxford University Press},
	pages = {869--893},
	year = {2014},
	note = {\url{http://onlinelibrary.wiley.com/doi/10.1112/jtopol/jtt035/epdf}}
}

@article{WhatAre1,
	title = "What precisely are {$E_\infty$} ring spaces and {$E_\infty$} ring spectra?",
	journal = "Geometry {\&} Topology Monographs",
	volume = "16",
	pages = "215--282",
	year = "2009",
	note = "\url{https://www.math.uchicago.edu/~may/PAPERS/Final1.pdf}",
	author = "J.P. May"
}

@article{WhatAre2,
	title = "The construction of {$E_\infty$} ring spaces from bipermutative categories",
	journal = "Geometry {\&} Topology Monographs",
	volume = "16",
	pages = "283--330",
	year = "2009",
	note = "\url{https://www.math.uchicago.edu/~may/PAPERS/Final2.pdf}",
	author = "J.P. May"
}

@article{WhatAre3,
	title = "What are ${E_\infty}$ ring spaces good for?",
	journal = "Geometry {\&} Topology Monographs",
	volume = "16",
	pages = "331--365",
	year = "2009",
	note = "\url{https://www.math.uchicago.edu/~may/PAPERS/Final3.pdf}",
	author = "J.P. May"
}

@article{Kervaire,
	title = "A manifold which does not admit any differentiable structure",
	journal = "Commentarii Mathematicii Helvetici",
	volume = "34",
	pages = "257--270",
	year = "1960",
	note = "\url{http://www.maths.ed.ac.uk/~aar/papers/kervarf.pdf}",
	author = "Michael Kervaire"
}

@article{Browder,
	note = {\url{https://www.jstor.org/stable/pdf/1970686.pdf}},
	author = {William Browder},
	journal = {Annals of Mathematics},
	number = {1},
	pages = {157--186},
	publisher = {Annals of Mathematics},
	title = {The {K}ervaire Invariant of Framed Manifolds and its Generalization},
	volume = {90},
	year = {1969}
}

@article{LandweberMR,
	note = "\url{https://www.jstor.org/stable/pdf/1970612.pdf}",
	author = {Peter S. Landweber},
	journal = {Annals of Mathematics},
	number = {3},
	pages = {491--502},
	publisher = {Annals of Mathematics},
	title = {Fixed Point Free Conjugations on Complex Manifolds},
	volume = {86},
	year = {1967}
}

@inproceedings{Doomsday,
	author       = {James Milgram},
	editor       = {A. Liulevicius},
	title        = {Problems presented to the 1970 {AMS} symposium on algebraic topology},
	year         = {1971},
	booktitle    = {Algebraic Topology},
	series = {Proceedings of Symposia in Pure Mathematics},
	volume = {22},
	publisher    = {American Mathematical Society},
	pages        = {187--201}
}

@article{NoDoomsday,
	title = "A new infinite family in {$_2\pi_*^s$}",
	journal = "Topology",
	volume = "16",
	number = "3",
	pages = "249--256",
	year = "1977",
	author = "Mark Mahowald",
}

@article{NInfty,
	title = "Operadic multiplications in equivariant spectra, norms, and transfers",
	journal = "Advances in Mathematics",
	volume = "285",
	pages = "658--708",
	year = "2015",
	author = "Andrew J. Blumberg and Michael A. Hill",
	note = "\url{https://arxiv.org/pdf/1309.1750.pdf}"
}

@book{GeneralizedTate,
	title = "Generalized Tate Cohomology",
	author = "J.P.C. Greenlees and J.P. May",
	publisher = "American Mathematical Society",
	year = "1995",
	series = "Memoirs of the American Mathematical Society",
	number = "543",
	note = "\url{https://www.math.uchicago.edu/~may/PAPERS/Tate.pdf}"
}

@incollection{ACD,
	author= " A. Adem and R. L. Cohen and W. G. Dwyer",
	editor = "Mark Mahowald and Stewart Priddy",
	title = "Generalized {T}ate homology, homotopy fixed points and the transfer",
	bookTitle = "Algebraic Topology",
	year = "1989",
	publisher = "American Mathematical Society",
	pages = "1--13",
	series = "Contemporary Mathematics",
	volume = "96"
}

@article{HM03,
	title = "On the {$K$}-theory of local fields",
	journal = "Annals of Mathematics",
	volume = "158",
	number = "1",
	pages = "1--113",
	year = "2003",
	author = "Lars Hesselholt and Ib Madsen",
	note = "\url{http://annals.math.princeton.edu/wp-content/uploads/annals-v158-n1-p01.pdf}"
}

@article{HM97,
title = "On the {$K$}-theory of finite algebras over {W}itt vectors of perfect fields",
journal = "Topology",
volume = "36",
number = "1",
pages = "29 - 101",
year = "1997",
note = "",
issn = "0040-9383",
author = "Lars Hesselholt and Ib Madsen",
}

@inproceedings{HM92,
	editor = "Samuel Gitler",
	title = "The {$S^1$}-{T}ate spectrum for {$J$}",
	booktitle = "Papers in honor of José Ádem",
	pages = "215--240",
	journal = "Boletín de la Sociedad Matemática Mexicana",
	volume = "37",
	year = "1992",
	author = "Lars Hesselholt and Ib Madsen",
}

@inproceedings{BoardmanCCSS,
	author       = {J. Michael Boardman},
	editor       = {Jean-Pierre Meyer and Jack Morava and W. Stephen Wilson},
	title        = {Conditionally Convergent Spectral Sequences},
	year         = {1999},
	booktitle = {Homotopy Invariant Algebraic Structures},
	booksubtitle = {A Conference in Honor of J. Michael Boardman},
	booktitleaddon = {AMS Special Session on Homotopy Theory},
	eventdate    = {1998-01-07/1998-01-10},
	publisher    = {American Mathematical Society},
	location     = {Baltimore, MD},
	pages        = {49--84},
	series = {Contemporary Mathematics},
	volume = {239},
	note = {\url{http://hopf.math.purdue.edu/Boardman/ccspseq.pdf}}
}

@article{Ambidexterity,
	title = "Ambidexterity in {$K(n)$}-Local Stable Homotopy Theory",
	author = {Michael Hopkins and Jacob Lurie},
	year = {2016},
	note = {\url{http://www.math.harvard.edu/~lurie/papers/Ambidexterity.pdf}}
}

@article{RavenelWilson,
	note = "\url{https://web.math.rochester.edu/people/faculty/doug/mypapers/emspace.pdf}",
	author = {Douglas C. Ravenel and W. Stephen Wilson},
	journal = {American Journal of Mathematics},
	number = {4},
	pages = {691-748},
	publisher = {Johns Hopkins University Press},
	title = {The {M}orava {$K$}-Theories of {E}ilenberg-{MacLane} Spaces and the {C}onner-{F}loyd Conjecture},
	volume = {102},
	year = {1980}
}

@article{Mostow,
	ISSN = {0003486X},
	note = {\url{https://www.jstor.org/stable/pdf/1970055.pdf}},
	author = {G. D. Mostow},
	journal = {Annals of Mathematics},
	number = {3},
	pages = {432--446},
	publisher = {Annals of Mathematics},
	title = {Equivariant Embeddings in {E}uclidean Space},
	volume = {65},
	year = {1957}
}

@article{Palais,
	note = "\url{http://vmm.math.uci.edu/PalaisPapers/ImbeddingCmpctDiffTransfGrpsInOrthogReps.pdf}",
	author = {Richard S. Palais},
	journal = {Journal of Mathematics and Mechanics},
	number = {5},
	pages = {673--678},
	title = {Imbedding of compact, differentiable transformation groups in orthogonal representations},
	volume = {6},
	year = {1957}
}

@article{HillSlice,
	note = "\url{https://intlpress.com/site/pub/files/_fulltext/journals/hha/2012/0014/0002/HHA-2012-0014-0002-a009.pdf}",
	author = {Michael A. Hill},
	journal = {Homology, Homotopy and Applications},
	number = {2},
	pages = {143--166},
	title = {The equivariant slice filtration: a primer},
	volume = {14},
	year = {2012}
}

@article{DuggerKR,
	note = "\url{https://arxiv.org/pdf/math/0304099.pdf}",
	author = {Daniel Dugger},
	journal = {{$K$}-theory},
	number = {3-4},
	pages = {213--256},
	title = {An {A}tiyah-{H}irzebruch spectral sequence for {$\mathit{KR}$}-theory},
	volume = {35},
	year = {2005}
}

@article{HHR_HZ,
	title = "The Slice Spectral Sequence for certain {$\RO(C_{p^n})$}-graded Suspensions of {$H\underline\Z$}",
	author = {Michael A. Hill and Michael J. Hopkins and Douglas C. Ravenel},
	journal="Boletín de la Sociedad Matemática Mexicana",
	year="2017",
	month="Apr",
	volume="23",
	number="1",
	pages="289--317",
	note = {\url{https://arxiv.org/pdf/1510.06056.pdf}}
}

@article{HHR_C4,
	title = "The slice spectral sequence for the {$C_4$} analog of real {$K$}-theory",
	author = {Michael A. Hill and Michael J. Hopkins and Douglas C. Ravenel},
	year = {2017},
	journal = {Forum Mathematicum},
	number = {2},
	pages = {383--447},
	volume = {29},
	note = {\url{https://web.math.rochester.edu/people/faculty/doug/mypapers/C4.pdf}}
}

@article{HillRealBordism,
	title = "On the fate of $\eta^3$ in higher analogues of Real bordism",
	author = {Michael A. Hill},
	year = {2015},
	note = {\url{https://arxiv.org/pdf/1507.08083.pdf}}
}

@article{HillYarnall,
	title = "A new formulation of the equivariant slice filtration with applications to {$C_p$}-slices",
	author = {Michael A. Hill and Carolyn Yarnall},
	year = {2017},
	note = {\url{https://arxiv.org/pdf/1703.10526.pdf}}
}

@article{Yarnall,
	title = "The slices of {$S^n\wedge H\underline\Z$} for cyclic {$p$}-groups",
	author = {Carolyn Yarnall},
	year = {2015},
	note = {\url{https://arxiv.org/pdf/1510.02077}}
}

@article{HillMeier,
	title = "The {$C_2$}-spectrum {$\mathit{Tmf}_1(3)$} and its invertible modules",
	author = {Michael A. Hill and Lennart Meier},
	year = {2016},
	note = {\url{https://arxiv.org/pdf/1507.08115}}
}

@article{HKO11,
	title = "The homotopy limit problem for {H}ermitian {$K$}-theory, equivariant motivic homotopy theory and motivic Real cobordism",
	journal = "Advances in Mathematics",
	volume = "228",
	number = "1",
	pages = "434--480",
	year = "2011",
	note = "\url{http://www.math.lsa.umich.edu/~ikriz/ar1012.pdf}",
	author = "P. Hu and I. Kriz and K. Ormsby"
}

@article{Maunder,
	title = {The spectral sequence of an extraordinary cohomology theory},
	volume  = {59},
	number = {3},
	journal = {Mathematical Proceedings of the Cambridge Philosophical Society},
	publisher = {Cambridge University Press},
	author = {Maunder, C.R.F.},
	year = {1963},
	pages = {567–574},
	note = {\url{https://www.cambridge.org/core/services/aop-cambridge-core/content/view/S0305004100037245}}
}

@inproceedings{Grayson,
    author = {Daniel R. Grayson},
    title = {Weight Filtrations In Algebraic {$K$}-Theory},
    booktitle = {Motives},
	volume = {55},
	series = {Proceedings of Symposia in Pure Mathematics},
    year = {1992},
    pages = {207--244},
    publisher = {American Mathematical Society},
	note = "\url{http://www.math.uiuc.edu/~dan/Papers/seattle.pdf}"
}

@article{AtiyahKR,
   author = {{Atiyah}, M.~F.},
    title = "{$K$}-theory and reality",
  journal = {The Quarterly Journal of Mathematics},
     year = {1966},
   volume = {17},
    pages = {367--386},
}

@article{SchwedeShipley,
	author = {Schwede, Stefan and Shipley, Brooke E.},
	title = {Algebras and Modules in Monoidal Model Categories},
	journal = {Proceedings of the London Mathematical Society},
	volume = {80},
	number = {2},
	publisher = {Oxford University Press},
	pages = {491--511},
	note = {\url{http://www.math.uni-bonn.de/people/schwede/AlgebrasModules.pdf}},
	year = {2000},
}

@article{Mandellpadic,
	title = "{$E_\infty$}-algebras and {$p$}-adic homotopy theory",
	journal = "Topology",
	volume = "40",
	number = "1",
	pages = "43--94",
	year = "2001",
	note = "\url{http://hopf.math.purdue.edu/Mandell/einf.pdf}",
	author = "Michael A. Mandell"
}

@inproceedings{Impagliazzo,
	author = {R. Impagliazzo}, 
	booktitle = {Proceedings of Structure in Complexity Theory. Tenth Annual IEEE Conference}, 
	title = {A personal view of average-case complexity}, 
	year = {1995}, 
	publisher = "IEEE",
	pages = {134--147}, 
}

@article{Alexander,
	note = {\url{http://www.maths.ed.ac.uk/~aar/papers/alex13.pdf}},
	author = {J. W. Alexander},
	journal = {Transactions of the American Mathematical Society},
	number = {2},
	pages = {148--154},
	publisher = {American Mathematical Society},
	title = {A Proof of the Invariance of Certain Constants of Analysis Situs},
	volume = {16},
	year = {1915}
}

@article{Rubin,
	title = "On the realization problem for {$N_\infty$} Operads",
	author = {Jonathan Rubin},
	year = {2017},
	note = {\url{https://arxiv.org/pdf/1705.03585.pdf}}
}

@article{Guillou,
	author = "Bertrand Guillou",
	title = "The {B}ousfield-{K}an spectral sequence",
	note = "\url{http://www.ms.uky.edu/~guillou/BKss.pdf}",
	year = "2007"
}

@book{Baues,
	place={Cambridge},
	series={Cambridge Studies in Advanced Mathematics},
	title={Algebraic Homotopy},
	DOI={10.1017/CBO9780511662522},
	publisher={Cambridge University Press},
	author={Baues, Hans Joachim},
	year={1989}
}

@article{BK72,
	title = "The homotopy spectral sequence of a space with coefficients in a ring",
	journal = "Topology",
	volume = "11",
	number = "1",
	pages = "79--106",
	year = "1972",
	author = "A.K. Bousfield and D.M. Kan",
}

@article{HS14,
	title={{$K$}-theory, reality, and duality},
	volume={14},
	number={3},
	journal={Journal of {$K$}-theory},
	publisher={Cambridge University Press},
	author={Heard, Drew and Stojanoska, Vesna},
	year={2014},
	pages={526--555},
	note = {\url{https://arxiv.org/abs/1401.2581}}
}

@article{HHREO2,
	author = "Mike Hill and Mike Hopkins and Doug Ravenel",
	title = "The homotopy of {$\mathit{EO}_{2(p-1)}$}",
	note = "\url{https://math.ucla.edu/~mikehill/Research/2pminus1.pdf}",
	year = "2015",
	key = "HHR"
}

@book{BG10,
  title = {Connective Real {$K$}-Theory of Finite Groups},
  author = {Robert R. Bruner and J.P.C. Greenlees},
  series = {Mathematical Surveys and Monographs},
  year = {2010},
  publisher = {American Mathematical Society}
}

@article{dosSantos,
	title = "A note on the equivariant {D}old–{T}hom theorem ",
	journal = "Journal of Pure and Applied Algebra ",
	volume = "183",
	number = "1--3",
	pages = "299--312",
	year = "2003",
	note = "\url{https://www.math.tecnico.ulisboa.pt/~pedfs/note.pdf}",
	author = "Pedro F. dos Santos"
}

@article{dSN09,
	title = "Stable equivariant abelianization, its properties, and applications",
	journal = "Topology and its Applications",
	volume = "156",
	number = "5",
	pages = "979--996",
	year = "2009",
	note = "\url{https://arxiv.org/pdf/0804.0264.pdf}",
	author = "Pedro F. dos Santos and Zhaohu Nie",
}

@incollection{Mitchell,
	author = "Mitchell, Stephen A.",
	editor = "Carlsson, Gunnar E. and Cohen, Ralph L. and Hsiang, Wu-Chung and Jones, John D. S.",
	title = "On the {L}ichtenbaum-{Q}uillen Conjectures from a Stable Homotopy-Theoretic Viewpoint",
	booktitle = "Algebraic Topology and Its Applications",
	year = "1994",
	publisher = "Springer New York",
	address = "New York, NY",
	pages = "163--240",
}

@article{MNN17,
	title = "Nilpotence and descent in equivariant stable homotopy theory",
	journal = "Advances in Mathematics",
	volume = "305",
	note = "\url{https://arxiv.org/pdf/1507.06869.pdf}",
	pages = "994--1084",
	year = "2017",
	author = "Akhil Mathew and Niko Naumann and Justin Noel"
}

@article{FreedHopkins,
	author = "Daniel S. Freed and Michael J. Hopkins",
	title = "Reflection positivity and invertible topological phases",
	note = "\url{https://arxiv.org/abs/1604.06527}",
	year = "2016"
}

@article{Elmendorf,
	note = {\url{https://www.jstor.org/stable/pdf/1999356.pdf}},
	author = {A. D. Elmendorf},
	journal = {Transactions of the American Mathematical Society},
	number = {1},
	pages = {275-284},
	publisher = {American Mathematical Society},
	title = {Systems of Fixed Point Sets},
	volume = {277},
	year = {1983}
}

@article{Stephan,
	note = {\url{https://arxiv.org/pdf/1308.0856.pdf}},
	author = {Marc Stephan},
	journal = {Homology, Homotopy and Applications},
	number = {2},
	pages = {183--208},
	publisher = {International Press},
	title = {On equivariant homotopy theory for model categories},
	volume = {18},
	year = {2016}
}

@article{Bredon,
	author = "Bredon, Glen E.",
	fjournal = "Bulletin of the American Mathematical Society",
	journal = "Bull. Amer. Math. Soc.",
	month = "03",
	number = "2",
	pages = "266--268",
	publisher = "American Mathematical Society",
	title = "Equivariant cohomology theories",
	note = "\url{https://projecteuclid.org/download/pdf_1/euclid.bams/1183528794}",
	volume = "73",
	year = "1967"
}

@phdthesis{MazurThesis,
	author = "Kristen Mazur",
	title = "On the Structure of {M}ackey Functors and {T}ambara Functors",
	school = "University of Virginia",
	year = "2013",
	note = "\url{https://sites.lafayette.edu/mazurk/files/2013/07/Mazur-Thesis-4292013.pdf}"
}

@article{GM17,
	author = "B.J. Guillou and J.P. May",
	title = "Equivariant iterated loop space theory and permutative {$G$}-categories",
	note = "\url{https://arxiv.org/pdf/1207.3459.pdf}",
	year = "2017"
}

@article{GreenCalc,
	author = "J.P.C. Greenlees",
	title = "Four approaches to cohomology theories with reality",
	note = "\url{https://arxiv.org/pdf/1705.09365.pdf}",
	year = "2017"
}

@article{BasuGhosh,
	author = "Samik Basu and Surojit Ghosh",
	title = "Computations in {$C_{pq}$}-{B}redon cohomology",
	note = "\url{https://arxiv.org/pdf/1612.02159.pdf}",
	year = "2016"
}

@book{FerlandLewis,
	title = {The {$\RO(G)$}-Graded Equivariant Ordinary Homology of {$G$}-Cell Complexes with Even-Dimensional Cells for {$G=\Z/p$}},
	author = {Kevin K. Ferland and L. Gaunce {Lewis, Jr.}},
	series = {Memoirs of the American Mathematical Society},
	year = {2004},
	number = {794},
	publisher = {American Mathematical Society},
	note = {\url{http://hopf.math.purdue.edu/Ferland-Lewis/FerlandLewis.pdf}}
}

@article{HollerKriz,
	author = "John Holler and Igor Kriz",
	journal = "Algebraic \& Geometric Topology",
	number = "2",
	pages = "741--763",
	publisher = "Mathematical Sciences Publishers",
	title = "On {$\RO(G)$}-graded equivariant ``ordinary'' cohomology where {$G$} is a power of {$\Z/2$}",
	note = "\url{https://arxiv.org/pdf/1506.00997.pdf}",
	volume = "17",
	year = "2017"
}

@article {cB2017,
    AUTHOR = {Barwick, Clark},
     TITLE = {Spectral {M}ackey functors and equivariant algebraic
              {$K$}-theory ({I})},
   JOURNAL = {Adv. Math.},
  FJOURNAL = {Advances in Mathematics},
    VOLUME = {304},
      YEAR = {2017},
     PAGES = {646--727},
      ISSN = {0001-8708},
   MRCLASS = {19L47 (19D99)},
  MRNUMBER = {3558219},
       DOI = {10.1016/j.aim.2016.08.043},
       note = {\url{https://arxiv.org/pdf/1404.0108.pdf}}
}

@article{Fausk,
	author = {Halvard Fausk},
	title = {Equivariant homotopy theory for pro-spectra},
	journal = {Geometry \& Topology},
	volume = {12},
	publisher = {Mathematical Sciences Publishers},
	note = "\url{http://msp.org/gt/2008/12-1/gt-v12-n1-p03-s.pdf}",
	pages = {103--176},
	year = {2008}
}

@article{BMTate,
	author = "Andrew J. Blumberg and Michael A. Mandell",
	title = "The strong {K}ünneth theorem for topological periodic cyclic homology",
	note = "\url{https://arxiv.org/pdf/1706.06846.pdf}",
	year = "2017"
}

@article{StricklandCGWH,
	author = "N.P. Strickland",
	title = "The category of {CGWH} spaces",
	note = "\url{http://neil-strickland.staff.shef.ac.uk/courses/homotopy/cgwh.pdf}",
	year = "2009"
}

@article{RezkCGWH,
	author = "Charles Rezk",
	title = "Compactly generated spaces",
	note = "\url{http://www.math.uiuc.edu/~rezk/cg-spaces-better.pdf}"
}

@article{MandellShipley,
	title = "A telescope comparison lemma for {$\mathrm{THH}$}",
	journal = "Topology and its Applications",
	volume = "117",
	number = "2",
	pages = "161--174",
	year = "2002",
	note = "\url{https://arxiv.org/pdf/math/0012030.pdf}",
	author = "M.A. Mandell and B. Shipley",
}

@article{BlochLichtenbaum,
	author = "S. Bloch and S. Lichtenbaum",
	title = "A spectral sequence for motivic cohomology",
	note = "\url{http://www.math.uiuc.edu/K-theory/0062/motspseq.pdf}",
	year = "1995"
}

@inproceedings{Quillen,
	author       = {Daniel Quillen},
	editor       = {Ralph D. James},
	title        = {Higher Algebraic {$K$}-Theory},
	year         = {1974},
	booktitle    = {Proceedings of the International Congress of Mathematicians},
	volume 		 = {1},
	publisher    = {Canadian Mathematical Congress},
	pages        = {171--176},
	note		 = {\url{http://mathunion.org/ICM/ICM1974.1/Main/icm1974.1.0171.0176.ocr.pdf}}
}

@incollection{BBD,
  author = {Beĭlinson, Alexander A. and Bernstein, Joseph and Deligne, Pierre},
  title = {Faisceaux pervers},
  year = {1982},
  publisher = {Soc. Math. France},
  series = {Astérisque},
  booktitle = {Analysis and topology on singular spaces, {I} ({L}uminy, 1981)},
  volume = {100},
  address = {Paris},
  pages = {5--171},
}

@article{Bondarko,
	title={Weight structures vs.\ {$t$}-structures; weight filtrations, spectral sequences, and complexes (for motives and in general)},
	volume={6},
	number={3},
	journal={Journal of {$K$}-theory},
	note = {\url{https://arxiv.org/pdf/0704.4003.pdf}},
	publisher={Cambridge University Press},
	author={Bondarko, M.V.},
	year={2010},
	pages={387–504}
}

@article{NikolausScholze,
	author = "Thomas Nikolaus and Peter Scholze",
	title = "On topological cyclic homology",
	note = "\url{https://arxiv.org/pdf/1707.01799.pdf}",
	year = "2017"
}

@article{BP17,
	author = "Peter Bonventre and Luís A. Pereira",
	title = "Genuine equivariant operads",
	note = "\url{https://arxiv.org/pdf/1707.02226.pdf}",
	year = "2017"
}

@article{GW17,
	author = "Javier J. Gutiérrez and David White",
	title = "Encoding equivariant commutativity via operads",
	note = "\url{https://arxiv.org/pdf/1707.02130.pdf}",
	year = "2017"
}

@article{MayOrthogonal,
	title={Pairings of categories and spectra},
	number={19},
	journal={Journal of Pure and Applied Algebra},
	author={J.P. May},
	year={1980},
	pages={299-346},
	note="\url{https://www.math.uchicago.edu/~may/PAPERS/32.pdf}",
	publisher="North Holland Publishing Company"
}

@inbook{Anderson1974,
	author="Anderson, D. W.",
	editor="Hilton, Peter J.",
	title="Convergent functors and spectra",
	bookTitle="Localization in Group Theory and Homotopy Theory: and Related Topics",
	year="1974",
	publisher="Springer Berlin Heidelberg",
	address="Berlin, Heidelberg",
	pages="1--5",
	series="Lecture Notes in Mathematics",
	volume="418"
}

@article{SegalGamma,
	title={Categories and cohomology theories},
	number={13},
	journal={Topology},
	author={G. Segal},
	year={1974},
	pages={293-312},
	note="\url{https://ncatlab.org/nlab/files/SegalCategoriesAndCohomologyTheories.pdf}"
}

@phdthesis{LimaThesis,
	author = "Elon Lages Lima",
	title = "Duality and {P}ostnikov Invariants",
	school = "University of Chicago",
	year = "1958"
}

@book{HTT,
	title = "Higher Topos Theory",
	author = "Jacob Lurie",
	publisher = "Princeton University Press",
	year = "2009",
	series = "Annals of Mathematics Studies",
	volume = "170",
	note = "\url{http://www.math.harvard.edu/~lurie/papers/HTT.pdf}"
}

@phdthesis{MeganShulmanThesis,
	author = "Megan Shulman",
	title = "Equivariant local coefficients and the {$\RO(G)$}-graded cohomology of classifying spaces",
	school = "University of Chicago",
	year = "2010",
	note = "\url{https://arxiv.org/pdf/1405.1770.pdf}"
}

@article{Zeng17,
	author = "Mingcong Zeng",
	title = "{$\RO(G)$}-graded homotopy {M}ackey functor of {$H\underline\Z$} for {$C_{p^2}$} and homological algebra of {$\underline\Z$}-modules",
	note = "\url{https://arxiv.org/pdf/1710.01769.pdf}",
	year = "2017"
}

@article{HS17,
	author = "Jeremy Hahn and XiaoLin Danny Shi",
	title = "Real orientations of {M}orava {$E$}-theories",
	note = "\url{https://arxiv.org/pdf/1707.03413.pdf}",
	year = "2017"
}

@book{QuillenHA,
	title = {Homotopical Algebra},
	author = {Quillen, D.G.},
	series = {Lecture Notes in Mathematics},
	year = {1967},
	publisher = {Springer Berlin Heidelberg}
}

@article{MMO13,
	author = "J. Peter May and Mona Merling and Angélica M. Osorno",
	title = "Equivariant infinite loop space theory, {I.} {T}he space level story",
	note = "\url{https://arxiv.org/pdf/1704.03413.pdf}",
	year = "2017"
}

@article{GMMO17,
	author = "Bertrand Guillou and J. Peter May and Mona Merling and Angélica M. Osorno",
	title = "Equivariant infinite loop space theory {II.} {T}he multiplicative {S}egal machine",
	note = "\url{https://arxiv.org/pdf/1711.09183.pdf}",
	year = "2017"
}

@article{BO15,
	title={Constructing equivariant spectra via categorical {M}ackey functors},
	number={1},
	volume = {15},
	journal={Algebraic and Geometric Topology},
	author={Anna Marie Bohmann and Angélica Osorno},
	year={2015},
	pages={537---563},
	note="\url{https://msp.org/agt/2015/15-1/agt-v15-n1-p18-p.pdf}"
}

@article{Wil17,
	author = "Dylan Wilson",
	title = "On Categories of Slices",
	note = "\url{https://arxiv.org/pdf/1711.03472.pdf}",
	year = "2017"
}
